<record><leader>00000cas a22000007a 4500</leader><controlfield tag="001">28913125</controlfield><controlfield tag="008">930929d19uu1948nmuwr ne      0    0eng d</controlfield><datafield ind1=" " ind2=" " tag="010"><subfield code="a">sn 93061688 </subfield></datafield><datafield ind1=" " ind2=" " tag="040"><subfield code="a">NVM</subfield><subfield code="b">eng</subfield><subfield code="c">NVM</subfield><subfield code="d">OCLCQ</subfield><subfield code="d">OCLCF</subfield><subfield code="d">OCLCO</subfield></datafield><datafield ind1="1" ind2=" " tag="029"><subfield code="a">AU@</subfield><subfield code="b">000025870242</subfield></datafield><datafield ind1=" " ind2=" " tag="042"><subfield code="a">msc</subfield></datafield><datafield ind1=" " ind2=" " tag="043"><subfield code="a">n-us-nm</subfield></datafield><datafield ind1="0" ind2=" " tag="130"><subfield code="a">Herald (Hot Springs, N.M. : 1933)</subfield></datafield><datafield ind1="1" ind2="4" tag="245"><subfield code="a">The herald.</subfield></datafield><datafield ind1="1" ind2="7" tag="246"><subfield code="a">Hot Springs herald</subfield></datafield><datafield ind1=" " ind2=" " tag="260"><subfield code="a">Hot Springs, Sierra County, N.M. :</subfield><subfield code="b">[Hubert F. Heath]</subfield></datafield><datafield ind1=" " ind2=" " tag="300"><subfield code="a">v.</subfield></datafield><datafield ind1=" " ind2=" " tag="310"><subfield code="a">Weekly</subfield></datafield><datafield ind1="0" ind2=" " tag="362"><subfield code="a">-v. 20, no. 5 (Oct. 28, 1948).</subfield></datafield><datafield ind1=" " ind2=" " tag="588"><subfield code="a">Description based on: Vol. 4, no. [14] (Jan. 11, 1933).</subfield></datafield><datafield ind1=" " ind2="0" tag="651"><subfield code="a">Hot Springs (N.M.)</subfield><subfield code="v">Newspapers.</subfield></datafield><datafield ind1=" " ind2="0" tag="651"><subfield code="a">Truth or Consequences (N.M.)</subfield><subfield code="v">Newspapers.</subfield></datafield><datafield ind1=" " ind2="0" tag="651"><subfield code="a">Sierra County (N.M.)</subfield><subfield code="v">Newspapers.</subfield></datafield><datafield ind1=" " ind2="7" tag="655"><subfield code="a">Newspapers.</subfield><subfield code="2">fast</subfield><subfield code="0">(OCoLC)fst01423814</subfield></datafield><datafield ind1=" " ind2="7" tag="651"><subfield code="a">New Mexico</subfield><subfield code="z">Hot Springs.</subfield><subfield code="2">fast</subfield><subfield code="0">(OCoLC)fst01303441</subfield></datafield><datafield ind1=" " ind2="7" tag="651"><subfield code="a">New Mexico</subfield><subfield code="z">Sierra County.</subfield><subfield code="2">fast</subfield><subfield code="0">(OCoLC)fst01221223</subfield></datafield><datafield ind1=" " ind2="7" tag="651"><subfield code="a">New Mexico</subfield><subfield code="z">Truth or Consequences.</subfield><subfield code="2">fast</subfield><subfield code="0">(OCoLC)fst01220470</subfield></datafield><datafield ind1=" " ind2=" " tag="752"><subfield code="a">United States</subfield><subfield code="b">New Mexico</subfield><subfield code="c">Sierra</subfield><subfield code="d">Truth or Consequences.</subfield></datafield><datafield ind1="0" ind2="0" tag="780"><subfield code="t">Hot Springs herald (Hot Springs, N.M. : 1922)</subfield><subfield code="w">(DLC)sn 93061686</subfield></datafield><datafield ind1="0" ind2="0" tag="785"><subfield code="t">Hot Springs herald (Hot Springs, N.M. : 1948)</subfield><subfield code="w">(DLC)sn 93061689</subfield></datafield></record>